@article{ong2006classification,
  title={Classification of adaptive memetic algorithms: a comparative study},
  author={Ong, Yew-Soon and Lim, Meng-Hiot and Zhu, Ning and Wong, Kok-Wai},
  journal={IEEE Transactions on Systems, Man, and Cybernetics, Part B (Cybernetics)},
  volume={36},
  number={1},
  pages={141--152},
  year={2006},
  publisher={IEEE}
}

@article{alajmi2014selecting,
  title={Selecting the most efficient genetic algorithm sets in solving unconstrained building optimization problem},
  author={Alajmi, Ali and Wright, Jonathan},
  journal={International Journal of Sustainable Built Environment},
  volume={3},
  number={1},
  pages={18--26},
  year={2014},
  publisher={Elsevier}
}

@article{boyabatli2004parameter,
  title={Parameter selection in genetic algorithms},
  author={Boyabatli, Onur and Sabuncuoglu, Ihsan},
  journal={Journal of Systemics, Cybernetics and Informatics},
  volume={4},
  number={2},
  pages={78},
  year={2004}
}

@article{elbeltagi2005comparison,
  title={Comparison among five evolutionary-based optimization algorithms},
  author={Elbeltagi, Emad and Hegazy, Tarek and Grierson, Donald},
  journal={Advanced engineering informatics},
  volume={19},
  number={1},
  pages={43--53},
  year={2005},
  publisher={Elsevier}
}

@article{mihail2016influence,
  title={The Influence of Genetic Algorithm Parameters Over the Efficiency of the Energy Consumption Estimation in a Low--energy Building},
  author={Mihail--Bogdan, C{\u{A}}RU{\c{T}}A{\c{S}}IU and Constantin, IONESCU and Horia, NECULA},
  journal={Energy Procedia},
  volume={85},
  pages={99--108},
  year={2016},
  publisher={Elsevier}
}

@manual{gaPackage,
  title={Package ‘GA‘},
  author={Luca Scrucca}
}

@manual{psoPackage,
  title={Package ‘PSO‘},
  author={Claus Bendtsen}
}

@article{barker1958simulation,
  title={Simulation of Genetic Systems by Automatic Digital Computers},
  author={Barker, JSF},
  journal={Australian Journal of Biological Sciences},
  volume={11},
  number={4},
  pages={603--612},
  year={1958},
  publisher={CSIRO}
}
